@book{hawkins1980identification,
  title={Identification of outliers},
  author={Hawkins, Douglas M},
  volume={11},
  year={1980},
  publisher={Springer}
}

@article{ahmed2016survey,
  title={A survey of network anomaly detection techniques},
  author={Ahmed, Mohiuddin and Mahmood, Abdun Naser and Hu, Jiankun},
  journal={Journal of Network and Computer Applications},
  volume={60},
  pages={19--31},
  year={2016},
  publisher={Elsevier}
}

@Misc{cac.gov,
howpublished = {[EB/OL]},
note = {\url{http://www.cac.gov.cn/2020-09/29/c_1602939918747816.htm}},
title = {中国互联网络发展状况统计报告},
author = {中国互联网信息中心}
}

@book{2002AEskin,
  title={A Geometric Framework for Unsupervised Anomaly Detection: Detecting Intrusions in Unlabeled Data},
  author={ Eskin, Eleazar  and  Arnold, Andrew  and  Prerau, Michael  and  Portnoy, Leonid  and  Stolfo, Sal },
  pages={77-101},
  year={2002},
}

@inproceedings{Hu2003Robust,
author = {Hu, Wenjie and Liao, Yihua and Vemuri, Rao},
year = {2003},
month = {01},
pages = {168-174},
title = {Robust Support Vector Machines for Anomaly Detection in Computer Security.}
}

@inproceedings{shon2005machine,
  title={A machine learning framework for network anomaly detection using SVM and GA},
  author={Shon, Taeshik and Kim, Yongdae and Lee, Cheolwon and Moon, Jongsub},
  booktitle={Proceedings from the sixth annual IEEE SMC information assurance workshop},
  pages={176--183},
  year={2005},
  organization={IEEE}
}

@inproceedings{kruegel2003bayesian,
  title={Bayesian event classification for intrusion detection},
  author={Kruegel, Christopher and Mutz, Darren and Robertson, William and Valeur, Fredrik},
  booktitle={19th Annual Computer Security Applications Conference, 2003. Proceedings.},
  pages={14--23},
  year={2003},
  organization={IEEE}
}

@article{2015Early,
  title={Early detection of network element outages based on customer trouble calls},
  author={ Deljac, Zeljko  and  Randic, Mirko  and  Krcelic, Gordan },
  journal={Decision Support Systems},
  volume={73},
  number={may},
  pages={57-73},
  year={2015},
}

@article{hawk2002Outlier,
  title={Outlier Detection Using Replicator Neural Networks},
  author={ Hawkins, Simon  and  He, Hongxing  and  Williams, Graham  and  Baxter, Rohan },
  booktitle={International Conference on Data Warehousing & Knowledge Discovery},
  year={2002},
}


@inproceedings{2001HIDE,
  title={HIDE : a Hierarchical Network Intrusion Detection System Using Statistical Preprocessing and Neural Network Classification},
  author={ Zhang, Zheng },
  booktitle={Proceedings of the 2001 IEEE Workshop on Information Assurance and Security, United States Military Academy, West Point, NY, 5-6 June, 2001},
  year={2001},
}

@article{Poojitha2010,  
  author={G. {Poojitha} and K. N. {Kumar} and P. J. {Reddy}},  
  booktitle={2010 Second International conference on Computing, Communication and Networking Technologies},   
  title={Intrusion Detection using Artificial Neural Network},   
  year={2010},  
  volume={},  
  number={},  
  pages={1-7},  
  doi={10.1109/ICCCNT.2010.5592568}
}


@inproceedings{2003Detecting,
  title={Detecting Anomalous Network Traffic with Self-organizing Maps},
  author={ Ramadas, Manikantan  and  Ostermann, Shawn  and  Tjaden, Brett C. },
  booktitle={Recent Advances in Intrusion Detection, 6th International Symposium, RAID 2003, Pittsburgh, PA, USA, September 8-10, 2003, Proceedings},
  year={2003},
}

% 基于统计：
@book{cormode2010algorithms,
  title={Algorithms for next generation networks},
  author={Cormode, Graham and Thottan, Marina},
  year={2010},
  publisher={Springer Science \& Business Media}
}

@article{lakhina2004diagnosing,
  title={Diagnosing network-wide traffic anomalies},
  author={Lakhina, Anukool and Crovella, Mark and Diot, Christophe},
  journal={ACM SIGCOMM computer communication review},
  volume={34},
  number={4},
  pages={219--230},
  year={2004},
  publisher={ACM New York, NY, USA}
}

@inproceedings{lakhina2004structural,
  title={Structural analysis of network traffic flows},
  author={Lakhina, Anukool and Papagiannaki, Konstantina and Crovella, Mark and Diot, Christophe and Kolaczyk, Eric D and Taft, Nina},
  booktitle={Proceedings of the joint international conference on Measurement and modeling of computer systems},
  pages={61--72},
  year={2004}
}

@article{lakhina2005mining,
  title={Mining anomalies using traffic feature distributions},
  author={Lakhina, Anukool and Crovella, Mark and Diot, Christophe},
  journal={ACM SIGCOMM computer communication review},
  volume={35},
  number={4},
  pages={217--228},
  year={2005},
  publisher={ACM New York, NY, USA}
}
% 小波分析
@article{callegari2011combining,
  title={Combining sketches and wavelet analysis for multi time-scale network anomaly detection},
  author={Callegari, Christian and Giordano, Stefano and Pagano, Michele and Pepe, Teresa},
  journal={Computers \& Security},
  volume={30},
  number={8},
  pages={692--704},
  year={2011},
  publisher={Elsevier}
}
@article{hamdi2007detecting,
  title={Detecting Denial-of-Service attacks using the wavelet transform},
  author={Hamdi, Mohamed and Boudriga, Noureddine},
  journal={Computer Communications},
  volume={30},
  number={16},
  pages={3203--3213},
  year={2007},
  publisher={Elsevier}
}

% 主成分分析

@inproceedings{pascoal2012robust,
  title={Robust feature selection and robust PCA for internet traffic anomaly detection},
  author={Pascoal, Cl{\'a}udia and De Oliveira, M Rosario and Valadas, Rui and Filzmoser, Peter and Salvador, Paulo and Pacheco, Ant{\'o}nio},
  booktitle={2012 Proceedings Ieee Infocom},
  pages={1755--1763},
  year={2012},
  organization={IEEE}
}

@article{fernandes2016network,
  title={Network anomaly detection using IP flows with principal component analysis and ant colony optimization},
  author={Fernandes Jr, Gilberto and Carvalho, Luiz F and Rodrigues, Joel JPC and Proen{\c{c}}a Jr, Mario Lemes},
  journal={Journal of Network and Computer Applications},
  volume={64},
  pages={1--11},
  year={2016},
  publisher={Elsevier}
}

@article{yeung2007covariance,
  title={Covariance-matrix modeling and detecting various flooding attacks},
  author={Yeung, Daniel S and Jin, Shuyuan and Wang, Xizhao},
  journal={IEEE Transactions on Systems, Man, and Cybernetics-Part A: Systems and Humans},
  volume={37},
  number={2},
  pages={157--169},
  year={2007},
  publisher={IEEE}
}

@article{xie2014segment,
  title={Segment-based anomaly detection with approximated sample covariance matrix in wireless sensor networks},
  author={Xie, Miao and Hu, Jiankun and Guo, Song},
  journal={IEEE Transactions on Parallel and Distributed Systems},
  volume={26},
  number={2},
  pages={574--583},
  year={2014},
  publisher={IEEE}
}


@article{Nong2010An,
  title={An anomaly detection technique based on a chi-square statistic for detecting intrusions into information systems (p 105-112)},
  author={Nong and Ye and Qiang and Chen},
  journal={Quality & Reliability Engineering International},
  volume={17},
  number={2},
  pages={105-112},
  year={2010},
}

@inproceedings{Christopher2002Service,
  title={Service specific anomaly detection for network intrusion detection},
  author={Christopher Krügel and  Toth, Thomas  and  Kirda, Engin },
  booktitle={the 2002 ACM symposium},
  year={2002},
}

@inproceedings{2000Anomaly,
  title={Anomaly Detection over Noisy Data using Learned Probability Distributions},
  author={ Eskin, Eleazar },
  booktitle={International Conference on Machine Learning},
  year={2000},
}

@article{Thottan2003Anomaly,
  title={Anomaly detection in IP networks},
  author={Thottan and M. and  Ji, Chuanyi },
  journal={Signal Processing, IEEE Transactions on},
  year={2003},
}

@inproceedings{2003A,
  title={A Novel Anomaly Detection Scheme Based on Principal Component Classifier},
  author={ Shyu, Mei Ling  and  Chen, Shu Ching  and  Sarinnapakorn, Kanoksri  and  Chang, Liwu },
  booktitle={IEEE Foundations and New Directions of Data Mining Workshop, in conjunction with the Third IEEE International Conference on Data Mining (ICDM'03)},
  year={2003},
}

% 基于信息论
@article{shannon1948mathematical,
  title={A mathematical theory of communication},
  author={Shannon, Claude E},
  journal={The Bell system technical journal},
  volume={27},
  number={3},
  pages={379--423},
  year={1948},
  publisher={Nokia Bell Labs}
}

@article{david2015ddos,
  title={DDoS attack detection using fast entropy approach on flow-based network traffic},
  author={David, Jisa and Thomas, Ciza},
  journal={Procedia Computer Science},
  volume={50},
  pages={30--36},
  year={2015},
  publisher={Elsevier}
}

@article{behal2017detection,
  title={Detection of DDoS attacks and flash events using novel information theory metrics},
  author={Behal, Sunny and Kumar, Krishan},
  journal={Computer Networks},
  volume={116},
  pages={96--110},
  year={2017},
  publisher={Elsevier}
}

@article{xie2016distributed,
  title={Distributed segment-based anomaly detection with Kullback--Leibler divergence in wireless sensor networks},
  author={Xie, Miao and Hu, Jiankun and Guo, Song and Zomaya, Albert Y},
  journal={IEEE Transactions on Information Forensics and Security},
  volume={12},
  number={1},
  pages={101--110},
  year={2016},
  publisher={IEEE}
}

@article{li2012differential,
  title={Differential Kullback-Leibler divergence based anomaly detection scheme in sensor networks},
  author={Li, Guorui and Wang, Ying},
  booktitle={2012 IEEE 12th international conference on computer and information technology},
  pages={966--970},
  year={2012},
  publisher={IEEE}
}

@inproceedings{2001Information,
  title={Information-Theoretic Measures for Anomaly Detection},
  author={ Lee, Wenke  and  Xiang, Dong },
  booktitle={Security and Privacy, 2001. S&P 2001. Proceedings. 2001 IEEE Symposium on},
  year={2001},
}

@inproceedings{inproceedings,
author = {Noble, Caleb and Cook, Diane},
year = {2003},
month = {01},
pages = {631-636},
title = {Graph-based anomaly detection},
journal = {Proceedings of ACM SIGKDD Conference on Knowledge Discovery and Data Mining},
doi = {10.1145/956750.956831}
}

@article{2014Intrusion,
  title={Intrusion detection method based on nonlinear correlation measure},
  author={ Ambusaidi, Mohammed A.  and  Tan, Zhiyuan  and  He, Xiangjian  and  Nanda, Priyadarsi  and  Lu, Liang Fu  and  Jamdagni, Aruna },
  journal={International Journal of Internet Protocol Technology},
  volume={8},
  number={2-3},
  pages={77-86},
  year={2014},
}

@article{2015An,
  title={An Efficient Technique for Network Traffic Summarization using Multiview Clustering and Statistical Sampling},
  author={ Ahmed, Mohiuddin  and  Mahmood, Abdun Naser  and  Maher, Michael J. },
  journal={EAI Endorsed Transactions on Scalable Information Systems},
  volume={2},
  number={5},
  year={2015},
}

# 基于聚类
@article{2012Cluster,
  title={Cluster Analysis: Basic Concepts and Methods},
  author={ Han, Jiawei  and  Kamber, Micheline  and  Pei, Jian },
  journal={Data Mining},
  pages={443-495},
  year={2012},
}

@article{2014Hyperspherical,
  title={Hyperspherical cluster based distributed anomaly detection in wireless sensor networks},
  author={ Rajasegarar, Sutharshan  and  Leckie, Christopher  and  Palaniswami, Marimuthu },
  journal={Journal of Parallel and Distributed Computing},
  volume={74},
  number={1},
  pages={1833–1847},
  year={2014},
}

@article{2012syarif,
author = {Syarif, Iwan and Prugel-Bennett, A. and Wills, Gary},
year = {2012},
month = {04},
pages = {},
title = {Unsupervised Clustering Approach for Network Anomaly Detection},
volume = {293},
isbn = {978-3-642-30506-1},
doi = {10.1007/978-3-642-30507-8_7}
}

@article{2015Karami,
  title={A fuzzy anomaly detection system based on hybrid PSO-Kmeans algorithm in content-centric networks},
  author={ Amin Karami  and  B, Guerrero Zapata },
  journal={Neurocomputing},
  volume={149},
  pages={1253-1269},
  year={2015},
}

@article{carvalho2016unsupervised,
  title={Unsupervised learning clustering and self-organized agents applied to help network management},
  author={Carvalho, Luiz Fernando and Barbon Jr, Sylvio and de Souza Mendes, Leonardo and Proenca Jr, Mario Lemes},
  journal={Expert Systems with Applications},
  volume={54},
  pages={29--47},
  year={2016},
  publisher={Elsevier}
}

@article{dromard2016online,
  title={Online and scalable unsupervised network anomaly detection method},
  author={Dromard, Juliette and Roudi{\`e}re, Gilles and Owezarski, Philippe},
  journal={IEEE Transactions on Network and Service Management},
  volume={14},
  number={1},
  pages={34--47},
  year={2016},
  publisher={IEEE}
}

@inproceedings{2013A,
  title={A novel approach for outlier detection and clustering improvement},
  author={ Ahmed, Mohiuddin  and  Naser, Abdun },
  booktitle={Industrial Electronics & Applications},
  year={2013},
}

@article{M2012Traffic,
  title={Traffic anomaly detection using k-means clustering},
  author={Münz, Gerhard and  Li, Sa  and  Carle, Georg },
  year={2012},
}

@inproceedings{2006Labelling,
  title={Labelling Clusters in an Intrusion Detection System Using a Combination of Clustering Evaluation Techniques},
  author={ Petrovic, Slobodan  and Gonzalo Álvarez and Agustín Orfila and Javier Ignacio Carbó Rubiera},
  booktitle={Hawaii International Conference on System Sciences},
  year={2006},
}

@article{article,
author = {Portnoy, Leonid},
year = {2001},
month = {04},
pages = {},
title = {Intrusion Detection With Unlabeled Data Using Clustering}
}

@inproceedings{2012Unsupervised,
  title={Unsupervised clustering approach for network anomaly detection},
  author={ Wills, Gary B. },
  booktitle={Fourth International Conference on Networked Digital Technologies (NDT 2012)},
  year={2012},
}

# end of related work
@book{goodfellow2016deep,
  title={Deep learning},
  author={Goodfellow, Ian and Bengio, Yoshua and Courville, Aaron and Bengio, Yoshua},
  volume={1},
  number={2},
  year={2016},
  publisher={MIT press Cambridge}
}

@incollection{hecht1992theory,
  title={Theory of the backpropagation neural network},
  author={Hecht-Nielsen, Robert},
  booktitle={Neural networks for perception},
  pages={65--93},
  year={1992},
  publisher={Elsevier}
}